% Encoding: UTF-8

@article{koenker2001quantile,
  title={Quantile regression},
  author={Koenker, Roger and Hallock, Kevin F},
  journal={Journal of economic perspectives},
  volume={15},
  number={4},
  pages={143--156},
  year={2001}
}

@Comment{jabref-meta: databaseType:bibtex;}
